% Encoding: UTF-8

@Book{Hesse2016,
  author    = {Hesse, Stefan},
  title     = {Grundlagen der Handhabungstechnik},
  year      = {2016},
  date      = {2016-08-08},
  edition   = {4. Auflage},
  publisher = {Hanser Fachbuchverlag},
  isbn      = {3446444327},
  pagetotal = {584},
  url       = {http://www.ebook.de/de/product/26183614/stefan_hesse_grundlagen_der_handhabungstechnik.html},
  ean       = {9783446444324},
}

@Book{Vogt2003,
  author    = {GÃ¼nter Bleisch and Horst Goldhahn and Gerhard Schricker and Helmut Vogt},
  title     = {Lexikon Verpackungstechnik.},
  year      = {2003},
  edition   = {1. Auflage},
  publisher = {B. Behrs Verlag GmbH \& Co.},
  isbn      = {3860229745},
  pagetotal = {512},
  url       = {https://www.amazon.com/Lexikon-Verpackungstechnik-Thomas-Gerlinger/dp/3860229745?SubscriptionId=0JYN1NVW651KCA56C102&tag=techkie-20&linkCode=xm2&camp=2025&creative=165953&creativeASIN=3860229745},
}

@Book{Quarteroni2005,
  author    = {Alfio Quarteroni and Fausto Saleri},
  title     = {Wissenschaftliches Rechnen mit MATLAB},
  year      = {2005},
  date      = {2005-09-21},
  publisher = {Springer-Verlag GmbH},
  isbn      = {3540250050},
  pagetotal = {269},
  url       = {http://www.ebook.de/de/product/3901148/alfio_quarteroni_fausto_saleri_wissenschaftliches_rechnen_mit_matlab.html},
  ean       = {9783540250050},
}

@Comment{jabref-meta: databaseType:biblatex;}
