% Encoding: UTF-8

@Book{Klocke2008,
  author    = {Klocke, Fritz and König, Wilfried},
  title     = {Fertigungsverfahren 1: Drehen, Fräsen, Bohren (VDI-Buch) (German Edition)},
  year      = {2008},
  edition   = {8. Auflage},
  publisher = {Springer-Verlag},
  isbn      = {978-3-540-23458-6},
  url       = {https://www.amazon.com/Fertigungsverfahren-Drehen-Fr%C3%A4sen-Bohren-VDI-Buch/dp/3540234586?SubscriptionId=0JYN1NVW651KCA56C102&tag=techkie-20&linkCode=xm2&camp=2025&creative=165953&creativeASIN=3540234586},
  abstract  = {Band 1 des f{\"u}nfb{\"a}ndigen Werks 'Fertigungsverfahren' behandelt die Grundlagen der spanenden Bearbeitung mit geometrisch bestimmten Schneiden ausgehend vom gemeinsamen Wirkprinzip. Die Belastungen und beanspruchungsgerechte Gestaltung von Zerspanwerkzeugen sowie der sinnvolle Einsatz von Schneidstoffen werden vorgestellt. Im Anschluss daran ist eine detaillierte Betrachtung einzelner Verfahrensvarianten m{\"o}glich.  Ein ausf{\"u}hrliches Kapitel {\"u}ber die Zerspanbarkeit der wichtigsten Werkst{\"u}ckwerkstoffe wie z.B. St{\"a}hle und Gusseisen, Leichtmetalllegierungen und hochwarmfeste Materialien vermittelt ein breites Wissen {\"u}ber das wechselseitige Zusammenwirken von Werkstoff, Schneidstoff und Verfahrensparametern.  In der achten Auflage wurde das Buch durch neue Kapitel {\"u}ber die Zerspanbarkeit von Magnesium und nichtmetallischer Werkstoffe sowie {\"u}ber den Einsatz numerischer Methoden f{\"u}r die Simulation in der Zerspantechnik erg{\"a}nzt.},
}

@Book{Stein2016,
  author     = {Stein, Ulrich},
  title      = {Objektorientierte Programmierung mit MATLAB},
  year       = {2016},
  titleaddon = {Klassen, Vererbung, Polymorphie},
  publisher  = {Carl Hanser Verlag München},
  isbn       = {3446442987},
  pagetotal  = {179},
  url        = {http://www.ebook.de/de/product/24113296/ulrich_stein_objektorientierte_programmierung_mit_matlab.html},
  ean        = {9783446442986},
}

@Comment{jabref-meta: databaseType:biblatex;}
